<?xml version="1.0" encoding="UTF-8"?><collection xmlns="http://www.loc.gov/MARC21/slim"><record><leader>00575nam--2200193-u-4500</leader><controlfield tag="001">000050410</controlfield><controlfield tag="002">20161230</controlfield><controlfield tag="003">42270</controlfield><controlfield tag="005">20161230201048</controlfield><controlfield tag="008">070312s1000------------r-----000-0-eng-d</controlfield><datafield ind1=" " ind2=" " tag="040"><subfield code="a">IFIN-HH</subfield></datafield><datafield ind1="1" ind2=" " tag="100"><subfield code="a">Bergmann, Peter G</subfield></datafield><datafield ind1="1" ind2="0" tag="245"><subfield code="a">Advances in the interplay between quantum and gravity physics</subfield><subfield code="c">Peter g. bergmann, venzo de sabbata (eds.)</subfield></datafield><datafield ind1=" " ind2=" " tag="260"><subfield code="a">Dordrecht</subfield><subfield code="b">Kluwer Academic Publishers</subfield><subfield code="c">2002</subfield></datafield><datafield ind1=" " ind2=" " tag="300"><subfield code="a">VII+554 P</subfield></datafield><datafield ind1=" " ind2=" " tag="490"><subfield code="a">Nato Science Series, 60</subfield></datafield><datafield ind1="1" ind2=" " tag="700"><subfield code="a">De Sabbata, Venzo</subfield><subfield code="e">Ed</subfield></datafield><datafield ind1=" " ind2=" " tag="852"><subfield code="a">42270</subfield><subfield code="c">53</subfield></datafield><datafield ind1=" " ind2=" " tag="CAT"><subfield code="a">Sys</subfield><subfield code="c">20150323</subfield><subfield code="h">090527</subfield></datafield></record></collection>